@misc{Bitcoin,
  title        = {Bitcoin: A Peer-to-Peer Electronic Cash System},
  author       = {Satoshi Nakamoto},
  year         = 2008,
  url          = {https://bitcoin.org/bitcoin.pdf},
  howpublished = {online},
  cited        = {2022-12-11}
}
@inproceedings{CoinWatch,
  title        = {CoinWatch: A Clone-Based Approach for Detecting Vulnerabilities in Cryptocurrencies},
  author       = {Qingze Hum and Jin Wei Tan and Ying Shi Tey and Latasha Lenus and Ivan Homoliak and Yun Lin and Jun Sun},
  year         = 2020,
  booktitle    = {3rd IEEE INTERNATIONAL CONFERENCE ON BLOCKCHAIN (BLOCKCHAIN 2020)},
  location     = {Rhodos, GR},
  publisher    = {Institute of Electrical and Electronics Engineers},
  pages        = {17--25},
  doi          = {10.1109/Blockchain50366.2020.00011},
  isbn         = {978-0-7381-0495-9},
  url          = {https://www.fit.vut.cz/research/publication/12363},
  language     = {english}
}
@article{vulnerabilities,
  title        = {Software Vulnerabilities, Prevention and Detection Methods: A Review 1},
  author       = {Jimenez, Willy and Mammar, Amel and Cavalli, Ana},
  year         = 2010,
  month        = {July},
  pages        = {}
}
@misc{WannaCry,
  title        = {WannaCry Ransomware: Analysis of Infection, Persistence, Recovery Prevention and Propagation Mechanisms},
  author       = {Maxat Akbanov and Vassilios G. Vassilakis and Michael D. Logothetis},
  year         = 2019,
  url          = {https://www.il-pib.pl/czasopisma/JTIT/2019/1/113.pdf},
  howpublished = {online},
  cited        = {2022-12-26}
}
@misc{UnforgivableVulnerabilities,
  title        = {Unforgivable Vulnerabilities},
  author       = {Steve Christey},
  year         = 2007,
  url          = {https://cwe.mitre.org/documents/unforgivable_vulns/unforgivable.pdf},
  howpublished = {online},
  cited        = {2022-12-28}
}
@misc{SoftwareVulnerabilities,
  title        = {Software Vulnerabilities: Full-, Responsible-, and Non-Disclosure},
  author       = {Andrew Cencini and Kevin Yu and Tony Chan},
  year         = 2005,
  url          = {https://courses.cs.washington.edu/courses/csep590/05au/whitepaper_turnin/software_vulnerabilities_by_cencini_yu_chan.pdf},
  howpublished = {online},
  cited        = {2022-12-26}
}
@INPROCEEDINGS{Malware,
  author={Anitta Patience Namanya and Andrea Cullen and Irfan U. Awan and Jules Pagna Disso},
  booktitle={2018 IEEE 6th International Conference on Future Internet of Things and Cloud (FiCloud)},
  title={The World of Malware: An Overview},
  year={2018},
  volume={},
  number={},
  pages={420-427},
  doi={10.1109/FiCloud.2018.00067}}

@misc{SecureCodingPractices,
  title        = {Secure Coding Practices Quick Reference Guide},
  author       = {OWASP},
  year         = 2010,
  url          = {https://owasp.org/www-pdf-archive/OWASP_SCP_Quick_Reference_Guide_v2.pdf},
  howpublished = {online},
  cited        = {2022-12-27}
}
@misc{CPEnaming,
  title        = {Common Platform Enumeration: Naming Specification Version 2.3},
  author       = {Brant A. Cheikes and David Waltermire and Karen Scarfone},
  year         = 2011,
  url          = {https://nvlpubs.nist.gov/nistpubs/Legacy/IR/nistir7695.pdf},
  howpublished = {online},
  cited        = {2022-12-28}
}
@misc{CWE,
  title        = {About - CWE Overview},
  author       = {MITRE},
  year         = 2022,
  url          = {https://cwe.mitre.org/about/index.html},
  howpublished = {online},
  cited        = {2022-12-28}
}
@misc{CWEtop25,
  title        = {2022 CWE Top 25 Most Dangerous Software Weaknesses},
  author       = {MITRE},
  year         = 2022,
  url          = {https://cwe.mitre.org/top25/archive/2022/2022_cwe_top25.html},
  howpublished = {online},
  cited        = {2022-12-28}
}
@misc{CWSS,
  title        = {Scoring System (CWSS)},
  author       = {MITRE},
  year         = 2018,
  url          = {https://cwe.mitre.org/cwss/cwss_v1.0.1.html},
  howpublished = {online},
  cited        = {2022-12-28}
}
@misc{CVE,
  title        = {Common Vulnerabilities and Exposures — CVE},
  author       = {MITRE},
  year         = 2016,
  url          = {https://cve.mitre.org/docs/cve-intro-handout.pdf},
  howpublished = {online},
  cited        = {2022-12-29}
}
@inproceedings{VulnDBs,
  title={Analyzing Vulnerability Databases},
  author={Rashad Aliyev and Lourdes Pealver},
  booktitle={2016 10th IEEE International Conference on Application of Information and Communication Technologies},
  year={2016},
  organization={IEEE}
}
@misc{NVD,
  title        = {The National Vulnerability Database (NVD): Overview},
  author       = {NIST},
  year         = 2013,
  url          = {https://csrc.nist.gov/CSRC/media/Publications/Shared/documents/itl-bulletin/itlbul2013-12.pdf},
  howpublished = {online},
  cited        = {2022-12-29}
}
@misc{CVSSFirst,
  title        = {Common Vulnerability Scoring System v3.1: Specification Document},
  author       = {FiRST},
  year         = 2019,
  url          = {https://www.first.org/cvss/v3-1/cvss-v31-specification_r1.pdf},
  howpublished = {online},
  cited        = {2022-12-29}
}
@inbook{CVSSresearchgate,
  title        = {The Common Vulnerability Scoring System (CVSS) generations -- usefulness and deficiencies},
  author       = {Horvath, Attila and Erdősi, Péter Máté and Kiss, Ferenc},
  year         = {2016},
  month        = 1,
  pages        = {137--153},
  publisher    = {Infota},
  booktitle    = {IT és hálózati sérülékenységek társadalmi-gazdasági hatásai},
  edition      = {1},
  editor       = {Kiss, Ferenc and Horváth, Attila},
  isbn         = {978-615-80061-5-6}
}
@misc{BlockScope,
  title        = {BlockScope: Detecting and Investigating Propagated Vulnerabilities in Forked Blockchain Projects},
  author       = {Yi, Xiao and Fang, Yuzhou and Wu, Daoyuan and Jiang, Lingxiao},
  year         = 2023,
  month        = {03},
  pages        = {},
  url          = {https://www.ndss-symposium.org/wp-content/uploads/2023/02/ndss2023_f222_paper.pdf},
  cited        = {2023-04-10}
}
@inproceedings{SZZalgorithm,
  author = {Sliwerski, Jacek and Zimmermann, Thomas and Zeller, Andreas},
  title = {When Do Changes Induce Fixes?},
  year = {2005},
  isbn = {1595931236},
  publisher = {Association for Computing Machinery},
  address = {New York, NY, USA},
  url = {https://doi.org/10.1145/1083142.1083147},
  doi = {10.1145/1083142.1083147},
  booktitle = {Proceedings of the 2005 International Workshop on Mining Software Repositories},
  pages = {1--5},
  numpages = {5},
  location = {St. Louis, Missouri},
  series = {MSR '05}
}
@article{SZZunleashed,
  title={SZZ unleashed: an open implementation of the SZZ algorithm - featuring example usage in a study of just-in-time bug prediction for the Jenkins project},
  author={Markus Borg and Oscar Svensson and Kristian Berg and Daniel Hansson},
  journal={Proceedings of the 3rd ACM SIGSOFT International Workshop on Machine Learning Techniques for Software Quality Evaluation},
  year={2019}
}
@article{CodeClonesSurvey,
  title        = {A Survey on Software Clone Detection Research},
  author       = {Roy, Chanchal and Cordy, James},
  year         = 2007,
  month        = {January},
  journal      = {School of Computing TR 2007-541},
  pages        = {}
}
@article{CloneDetectionTechniques,
  title        = {A Survey of Software Clone Detection Techniques},
  author       = {Abdullah Sheneamer and Jugal Kalita},
  year         = 2016,
  month        = {March},
  journal      = {International Journal of Computer Applications},
  volume       = 137,
  pages        = {1--21},
  doi          = {10.5120/ijca2016908896}
}
@INPROCEEDINGS{Dup,
  author={Baker, B.S.},
  booktitle={Proceedings of 2nd Working Conference on Reverse Engineering},
  title={On finding duplication and near-duplication in large software systems},
  year={1995},
  volume={},
  number={},
  pages={86-95},
  doi={10.1109/WCRE.1995.514697}
}
@INPROCEEDINGS{NICAD,
  author={Roy, Chanchal K. and Cordy, James R.},
  booktitle={2008 16th IEEE International Conference on Program Comprehension},
  title={NICAD: Accurate Detection of Near-Miss Intentional Clones Using Flexible Pretty-Printing and Code Normalization},
  year={2008},
  volume={},
  number={},
  pages={172-181},
  doi={10.1109/ICPC.2008.41}
}
@article{CCFinder,
  title        = {CCFinder: A multilinguistic token-based code clone detection system for large scale source code},
  author       = {Kamiya, Toshihiro and Kusumoto, Shinji and Inoue, Katsuro},
  year         = 2002,
  month        = {August},
  journal      = {Software Engineering, IEEE Transactions on},
  volume       = 28,
  pages        = {654--670},
  doi          = {10.1109/TSE.2002.1019480}
}
@INPROCEEDINGS{CPMiner,
  author={Patenaude, J.-F. and Merlo, E. and Dagenais, M. and Lague, B.},
  booktitle={Proceedings Seventh International Workshop on Program Comprehension},
  title={Extending software quality assessment techniques to Java systems},
  year={1999},
  volume={},
  number={},
  pages={49-56},
  doi={10.1109/WPC.1999.777743}
}
@article{ASTBaxter,
  title={Clone detection using abstract syntax trees},
  author={Ira D. Baxter and Andrew Yahin and Leonardo Mendonça de Moura and Marcelo Sant'Anna and Lorraine Bier},
  journal={Proceedings. International Conference on Software Maintenance (Cat. No. 98CB36272)},
  year={1998},
  pages={368-377}
}
@misc{ASTWahler,
  title        = {Clone detection in source code by frequent itemset techniques},
  author       = {Wahler, V. and Seipel, Dietmar and Wolff, J. and Fischer, G.},
  year         = 2004,
  month        = 10,
  pages        = {128--135},
  doi          = {10.1109/SCAM.2004.6},
  isbn         = {0-7695-2144-4}
}
@misc{MBMayrand,
  title        = {Experiment on the Automatic Detection of Function Clones in a Software System Using Metrics.},
  author       = {Mayrand, Jean and Leblanc, Claude and Merlo, Ettore},
  year         = 1996,
  month        = {01},
  journal      = {Conference on Software Maintenance},
  pages        = {244-},
  doi          = {10.1109/ICSM.1996.565012}
}
@INPROCEEDINGS{MDAbdul,
  author={Abd-El-Hafiz, Salwa K.},
  booktitle={2012 IEEE 36th Annual Computer Software and Applications Conference},
  title={A Metrics-Based Data Mining Approach for Software Clone Detection},
  year={2012},
  volume={},
  number={},
  pages={35-41},
  doi={10.1109/COMPSAC.2012.14}}

@inproceedings{GPLAG,
  author       = {Liu, Chao and Chen, Chen and Han, Jiawei and Yu, Philip S.},
  title        = {GPLAG: Detection of Software Plagiarism by Program Dependence Graph Analysis},
  year         = {2006},
  isbn         = {1595933395},
  publisher    = {Association for Computing Machinery},
  address      = {New York, NY, USA},
  url          = {https://doi.org/10.1145/1150402.1150522},
  doi          = {10.1145/1150402.1150522},
  booktitle    = {Proceedings of the 12th ACM SIGKDD International Conference on Knowledge Discovery and Data Mining},
  pages        = {872--881},
  numpages     = {10},
  keywords     = {software plagiarism detection, graph mining, program dependence graph},
  location     = {Philadelphia, PA, USA},
  series       = {KDD '06}
}
@inproceedings{HybridAgrawal,
  title        = {A hybrid-token and textual based approach to find similar code segments},
  author       = {Agrawal, Akshat and Yadav, Sumit},
  year         = {2013},
  month        = 7,
  booktitle    = {2013 4th International Conference on Computing, Communications and Networking Technologies (ICCCNT)},
  pages        = {1--4},
  doi          = {10.1109/ICCCNT.2013.6726700},
  isbn         = {978-1-4799-3926-8}
}
@misc{BTCInflationBug,
  title        = {CVE-2018-17144 Full Disclosure},
  author       = {{Bitcoin Core}},
  year         = {2018},
  month        = 9,
  howpublished = {\url{https://bitcoincore.org/en/2018/09/20/notice/}},
  cited        = {2023-04-24}
}
@article{HackerNoonBTCInflationBug,
  title        = {Bitcoin Core Bug CVE-2018-17144: An Analysis},
  author       = {Thakur, Nitesh},
  year         = {2018},
  month        = {September},
  journal      = {Hackernoon},
  url          = {https://hackernoon.com/bitcoin-core-bug-cve-2018-17144-an-analysis-f80d9d373362},
  urldate      = {2023-04-24}
}
@article{CoinDeskPGNInflationBug,
  title        = {'Bitcoin Bug' Exploited on Crypto Fork as Attacker Prints 235 Million Pigeoncoins},
  author       = {Alyssa Hertig},
  year         = 2018,
  month        = {August},
  url          = {https://www.coindesk.com/markets/2018/10/02/bitcoin-bug-exploited-on-crypto-fork-as-attacker-prints-235-million-pigeoncoins/},
  urldate      = {2023-04-24}
}
@misc{hackrPythonVSCPP,
  title        = {Python vs C++: Difficulty, Popularity, and Career Options},
  author       = {Goel, Aman},
  year         = {2022},
  url          = {https://hackr.io/blog/python-vs-cpp}
}
@ARTICLE{strsim,
  author={Yujian, Li and Bo, Liu},
  journal={IEEE Transactions on Pattern Analysis and Machine Intelligence},
  title={A Normalized Levenshtein Distance Metric},
  year={2007},
  volume={29},
  number={6},
  pages={1091-1095},
  doi={10.1109/TPAMI.2007.1078}
}
@misc{wannacryBlog,
title = {WannaCry explained: A perfect ransomware storm},
author = {Newman, Lily Hay},
year = {2017},
month = {09},
url = {https://www.csoonline.com/article/3227906/wannacry-explained-a-perfect-ransomware-storm.html}
}
