@misc{Bitcoin,
  title        = {Bitcoin: A Peer-to-Peer Electronic Cash System},
  author       = {Satoshi Nakamoto},
  year         = 2008,
  url          = {https://bitcoin.org/bitcoin.pdf},
  howpublished = {online},
  cited        = {2022-12-11}
}
@inproceedings{CoinWatch,
  title        = {CoinWatch: A Clone-Based Approach for Detecting Vulnerabilities in Cryptocurrencies},
  author       = {Qingze Hum and Jin Wei Tan and Ying Shi Tey and Latasha Lenus and Ivan Homoliak and Yun Lin and Jun Sun},
  year         = 2020,
  booktitle    = {3rd IEEE INTERNATIONAL CONFERENCE ON BLOCKCHAIN (BLOCKCHAIN 2020)},
  location     = {Rhodos, GR},
  publisher    = {Institute of Electrical and Electronics Engineers},
  pages        = {17--25},
  doi          = {10.1109/Blockchain50366.2020.00011},
  isbn         = {978-0-7381-0495-9},
  url          = {https://www.fit.vut.cz/research/publication/12363},
  language     = {english}
}
@article{vulnerabilities,
  title        = {Software Vulnerabilities, Prevention and Detection Methods: A Review 1},
  author       = {Jimenez, Willy and Mammar, Amel and Cavalli, Ana},
  year         = 2010,
  month        = {07},
  pages        = {}
}
@misc{WannaCry,
  title        = {WannaCry Ransomware: Analysis of Infection, Persistence, Recovery Prevention and Propagation Mechanisms},
  author       = {Maxat Akbanov and Vassilios G. Vassilakis and Michael D. Logothetis},
  year         = 2019,
  url          = {https://www.il-pib.pl/czasopisma/JTIT/2019/1/113.pdf},
  howpublished = {online},
  cited        = {2022-12-26}
}
@misc{UnforgivableVulnerabilities,
  title        = {Unforgivable Vulnerabilities},
  author       = {Steve Christey},
  year         = 2007,
  url          = {https://cwe.mitre.org/documents/unforgivable_vulns/unforgivable.pdf},
  howpublished = {online},
  cited        = {2022-12-28}
}
@misc{SoftwareVulnerabilities,
  title        = {Software Vulnerabilities: Full-, Responsible-, and Non-Disclosure},
  author       = {Andrew Cencini and Kevin Yu and Tony Chan},
  year         = 2005,
  url          = {https://courses.cs.washington.edu/courses/csep590/05au/whitepaper_turnin/software_vulnerabilities_by_cencini_yu_chan.pdf},
  howpublished = {online},
  cited        = {2022-12-26}
}
@inproceedings{Malware,
  title        = {The World of Malware: An Overview},
  author       = {Namanya, Anitta Patience and Cullen, Andrea and Awan, Irfan and Pagna Diss, Jules},
  year         = 2018,
  month        = {09},
  pages        = {},
  doi          = {10.1109/FiCloud.2018.00067}
}
@misc{SecureCodingPractices,
  title        = {Secure Coding Practices Quick Reference Guide},
  author       = {OWASP},
  year         = 2010,
  url          = {https://owasp.org/www-pdf-archive/OWASP_SCP_Quick_Reference_Guide_v2.pdf},
  howpublished = {online},
  cited        = {2022-12-27}
}
@misc{CPEnaming,
  title        = {Common Platform Enumeration: Naming Specification Version 2.3},
  author       = {Brant A. Cheikes and David Waltermire and Karen Scarfone},
  year         = 2011,
  url          = {https://nvlpubs.nist.gov/nistpubs/Legacy/IR/nistir7695.pdf},
  howpublished = {online},
  cited        = {2022-12-28}
}
@misc{CWE,
  title        = {About - CWE Overview},
  author       = {MITRE},
  year         = 2022,
  url          = {https://cwe.mitre.org/about/index.html},
  howpublished = {online},
  cited        = {2022-12-28}
}
@misc{CWEtop25,
  title        = {2022 CWE Top 25 Most Dangerous Software Weaknesses},
  author       = {MITRE},
  year         = 2022,
  url          = {https://cwe.mitre.org/top25/archive/2022/2022_cwe_top25.html},
  howpublished = {online},
  cited        = {2022-12-28}
}
@misc{CWSS,
  title        = {Scoring System (CWSS)},
  author       = {MITRE},
  year         = 2018,
  url          = {https://cwe.mitre.org/cwss/cwss_v1.0.1.html},
  howpublished = {online},
  cited        = {2022-12-28}
}
@misc{CVE,
  title        = {Common Vulnerabilities and Exposures — CVE},
  author       = {MITRE},
  year         = 2016,
  url          = {https://cve.mitre.org/docs/cve-intro-handout.pdf},
  howpublished = {online},
  cited        = {2022-12-29}
}
@inproceedings{VulnDBs,
  title        = {Analyzing Vulnerability Databases},
  author       = {Aliyev, Rashad and Herrero, Lourdes},
  year         = 2016,
  month        = 10,
  pages        = {}
}
@misc{NVD,
  title        = {The National Vulnerability Database (NVD): Overview},
  author       = {NIST},
  year         = 2013,
  url          = {https://csrc.nist.gov/CSRC/media/Publications/Shared/documents/itl-bulletin/itlbul2013-12.pdf},
  howpublished = {online},
  cited        = {2022-12-29}
}
@misc{CVSSFirst,
  title        = {Common Vulnerability Scoring System v3.1: Specification Document},
  author       = {FiRST},
  year         = 2019,
  url          = {https://www.first.org/cvss/v3-1/cvss-v31-specification_r1.pdf},
  howpublished = {online},
  cited        = {2022-12-29}
}
@inbook{CVSSresearchgate,
  title        = {The Common Vulnerability Scoring System (CVSS) generations – usefulness and deficiencies},
  author       = {Attila, Horvath and Erdősi, Péter Máté and Kiss, Ferenc},
  year         = 2016,
  month        = {01},
  pages        = {137--153},
  isbn         = {978-615-80061-5-6}
}
@misc{BlockScope,
  title        = {BlockScope: Detecting and Investigating Propagated Vulnerabilities in Forked Blockchain Projects},
  author       = {Yi, Xiao and Fang, Yuzhou and Wu, Daoyuan and Jiang, Lingxiao},
  year         = 2022,
  month        = {07},
  pages        = {},
  doi          = {10.48550/arXiv.2208.00205},
  url          = {https://arxiv.org/pdf/2208.00205.pdf},
  cited        = {2023-01-06}
}
@article{SZZalgorithm,
  title        = {When do changes induce fixes?},
  author       = {Jacek Sliwerski and Thomas Zimmermann and Andreas Zeller},
  year         = 2005,
  journal      = {ACM SIGSOFT Software Engineering Notes},
  volume       = 30,
  pages        = {1--5}
}
@inproceedings{SZZunleashed,
  title        = {SZZ unleashed: an open implementation of the SZZ algorithm - featuring example usage in a study of just-in-time bug prediction for the Jenkins project},
  author       = {Borg, Markus and Svensson, Oscar and Berg, Kristian and Hansson, Daniel},
  year         = 2019,
  month        = {08},
  pages        = {7--12},
  doi          = {10.1145/3340482.3342742},
  isbn         = {978-1-4503-6855-1}
}
@article{CodeClonesSurvey,
  title        = {A Survey on Software Clone Detection Research},
  author       = {Roy, Chanchal and Cordy, James},
  year         = 2007,
  month        = {01},
  journal      = {School of Computing TR 2007-541},
  pages        = {}
}
@article{CloneDetectionTechniques,
  title        = {A Survey of Software Clone Detection Techniques},
  author       = {Sheneamer, Abdullah and Kalita, Jugal},
  year         = 2016,
  month        = {03},
  journal      = {International Journal of Computer Applications},
  volume       = 137,
  pages        = {1--21},
  doi          = {10.5120/ijca2016908896}
}
@article{Dup,
  title        = {On finding duplication and near-duplication in large software systems},
  author       = {Brenda S. Baker},
  year         = 1995,
  journal      = {Proceedings of 2nd Working Conference on Reverse Engineering},
  pages        = {86--95}
}
@inproceedings{NICAD,
  title        = {NICAD: Accurate Detection of Near-Miss Intentional Clones Using Flexible Pretty-Printing and Code Normalization},
  author       = {Roy, Chanchal and Cordy, J.R.},
  year         = 2008,
  month        = {07},
  journal      = {IEEE International Conference on Program Comprehension},
  pages        = {172--181},
  doi          = {10.1109/ICPC.2008.41},
  isbn         = {978-0-7695-3176-2}
}
@article{CCFinder,
  title        = {CCFinder: A multilinguistic token-based code clone detection system for large scale source code},
  author       = {Kamiya, Toshihiro and Kusumoto, Shinji and Inoue, Katsuro},
  year         = 2002,
  month        = {08},
  journal      = {Software Engineering, IEEE Transactions on},
  volume       = 28,
  pages        = {654--670},
  doi          = {10.1109/TSE.2002.1019480}
}
@inproceedings{CPMiner,
  title        = {Extending software quality assessment techniques to Java systems},
  author       = {Patenaude, J.-F and Merlo, Ettore and Dagenais, Michel and Laguë, Bruno},
  year         = 1999,
  month        = {02},
  pages        = {49--56},
  doi          = {10.1109/WPC.1999.777743},
  isbn         = {0-7695-0180-x}
}
@inproceedings{ASTBaxter,
  title        = {Clone Detection Using Abstract Syntax Trees.},
  author       = {Baxter, Ira and Yahin, Andrew and de Moura, Leonardo and Sant'Anna, Marcelo and Bier, Lorraine},
  year         = 1998,
  month        = {01},
  journal      = {Proc. of International Conference on Software Maintenance},
  volume       = {368-377},
  pages        = {368--377},
  doi          = {10.1109/ICSM.1998.738528}
}
@inproceedings{ASTWahler,
  title        = {Clone detection in source code by frequent itemset techniques},
  author       = {Wahler, V. and Seipel, Dietmar and Wolff, J. and Fischer, G.},
  year         = 2004,
  month        = 10,
  pages        = {128--135},
  doi          = {10.1109/SCAM.2004.6},
  isbn         = {0-7695-2144-4}
}
@inproceedings{MBMayrand,
  title        = {Experiment on the Automatic Detection of Function Clones in a Software System Using Metrics.},
  author       = {Mayrand, Jean and Leblanc, Claude and Merlo, Ettore},
  year         = 1996,
  month        = {01},
  journal      = {Conference on Software Maintenance},
  pages        = {244-},
  doi          = {10.1109/ICSM.1996.565012}
}
@article{MDAbdul,
  title        = {A Metrics-Based Data Mining Approach for Software Clone Detection},
  author       = {Salwa K. Abd-El-Hafiz},
  year         = 2012,
  journal      = {2012 IEEE 36th Annual Computer Software and Applications Conference},
  pages        = {35--41}
}
@inproceedings{GPLAG,
  title        = {GPLAG: Detection of software plagiarism by program dependence graph analysis},
  author       = {Liu, Chao and Chen, Fen and Han, Jiawei and Yu, Philip},
  year         = 2006,
  month        = {08},
  journal      = {Proceedings of the ACM SIGKDD International Conference on Knowledge Discovery and Data Mining},
  volume       = 2006,
  pages        = {872--881},
  doi          = {10.1145/1150402.1150522}
}
@inproceedings{HybridAgrawal,
  title        = {A hybrid-token and textual based approach to find similar code segments},
  author       = {Agrawal, Akshat and Yadav, Sumit},
  year         = 2013,
  month        = {07},
  journal      = {2013 4th International Conference on Computing, Communications and Networking Technologies, ICCCNT 2013},
  pages        = {1--4},
  doi          = {10.1109/ICCCNT.2013.6726700},
  isbn         = {978-1-4799-3926-8}
}
